@article{huo2011multilevel,
  title={Multilevel SIFT matching for large-size VHR image registration},
  author={Huo, Chunlei and Pan, Chunhong and Huo, Leigang and Zhou, Zhixin},
  journal={IEEE Geoscience and Remote Sensing Letters},
  volume={9},
  number={2},
  pages={171--175},
  year={2011},
  publisher={IEEE}
}
@inproceedings{anden2011multiscale,
  title={Multiscale Scattering for Audio Classification.},
  author={And{\'e}n, Joakim and Mallat, St{\'e}phane},
  booktitle={ISMIR},
  pages={657--662},
  year={2011},
  organization={Miami, FL}
}
